<record><leader>00000cas a22000007a 4500</leader><controlfield tag="001">26638938</controlfield><controlfield tag="008">920921d19uu190uctuwr ne      0    0eng d</controlfield><datafield ind1=" " ind2=" " tag="010"><subfield code="a">sn 92051408 </subfield></datafield><datafield ind1=" " ind2=" " tag="040"><subfield code="a">CNW</subfield><subfield code="b">eng</subfield><subfield code="c">CNW</subfield><subfield code="d">OCLCQ</subfield></datafield><datafield ind1=" " ind2=" " tag="042"><subfield code="a">msc</subfield></datafield><datafield ind1="0" ind2="4" tag="245"><subfield code="a">The Waterbury examiner.</subfield></datafield><datafield ind1=" " ind2=" " tag="260"><subfield code="a">Waterbury, Conn. :</subfield><subfield code="b">Ben. Witkowski</subfield></datafield><datafield ind1=" " ind2=" " tag="300"><subfield code="a">v.</subfield></datafield><datafield ind1=" " ind2=" " tag="310"><subfield code="a">Weekly</subfield></datafield><datafield ind1=" " ind2=" " tag="580"><subfield code="a">Regional ed.: Weekly examiner (Hartford, Conn.), 188 -190.</subfield></datafield><datafield ind1=" " ind2=" " tag="588"><subfield code="a">Description based on: Vol. 25, no. 5 (Jan. 5, 1907).</subfield></datafield><datafield ind1=" " ind2="4" tag="651"><subfield code="a">Waterbury (Conn.)</subfield><subfield code="v">Newspapers.</subfield></datafield><datafield ind1=" " ind2=" " tag="752"><subfield code="a">United States</subfield><subfield code="b">Connecticut</subfield><subfield code="c">New Haven</subfield><subfield code="d">Waterbury.</subfield></datafield><datafield ind1="1" ind2=" " tag="775"><subfield code="t">Weekly examiner (Hartford, Conn.)</subfield><subfield code="w">(DLC)sn 92051407</subfield><subfield code="w">(OCoLC)26638925</subfield></datafield><datafield ind1="0" ind2="0" tag="780"><subfield code="t">Weekly examiner (Waterbury, Conn.)</subfield></datafield><datafield ind1="1" ind2=" " tag="029"><subfield code="a">AU@</subfield><subfield code="b">000020741024</subfield></datafield></record>